<collection xmlns="http://www.loc.gov/MARC21/slim">
<record>
  <leader>00280na 0a22000971i 450 </leader>
  <controlfield tag="001">IT\ICCU\CNCE\061830</controlfield>
  <controlfield tag="005">20170220000000.0</controlfield>
  <datafield tag="100" ind1=" " ind2=" ">
    <subfield code="a">20051011             0itac0103    ba</subfield>
  </datafield>
  <datafield tag="200" ind1="1" ind2=" ">
    <subfield code="a">Rappresentazione di Ottaviano imperatore</subfield>
  </datafield>
  <datafield tag="801" ind1=" " ind2="3">
    <subfield code="a">IT</subfield>
    <subfield code="b">ICCU</subfield>
    <subfield code="c">20201115</subfield>
  </datafield>
  <datafield tag="899" ind1=" " ind2=" ">
    <subfield code="a">British Library. London</subfield>
    <subfield code="1">UK0001</subfield>
  </datafield>
</record>
</collection>
